@incollection {bv,
    AUTHOR = {Barbasch, Dan and Vogan, David},
     TITLE = {Weyl group representations and nilpotent orbits},
 BOOKTITLE = {Representation theory of reductive groups ({P}ark {C}ity,
              {U}tah, 1982)},
    SERIES = {Progr. Math.},
    VOLUME = {40},
     PAGES = {21--33},
 PUBLISHER = {Birkh\"auser Boston},
   ADDRESS = {Boston, MA},
      YEAR = {1983},
   MRCLASS = {22E45 (22E46)},
  MRNUMBER = {733804 (85g:22025)},
MRREVIEWER = {Wulf Rossmann},
}

@inproceedings{yannakakis1988expressing,
  title={Expressing combinatorial optimization problems by linear programs},
  author={Yannakakis, Mihalis},
  booktitle={Proceedings of the twentieth annual ACM symposium on Theory of computing},
  pages={223--228},
  year={1988},
  organization={ACM}
}

@article{rothvoss2013matching,
  title={The matching polytope has exponential extension complexity},
  author={Rothvoss, Thomas},
  journal={arXiv preprint arXiv:1311.2369},
  year={2013}
}


@incollection{kaibel2010symmetry,
  title={Symmetry matters for the sizes of extended formulations},
  author={Kaibel, Volker and Pashkovich, Kanstantsin and Theis, Dirk Oliver},
  booktitle={Integer programming and combinatorial optimization},
  pages={135--148},
  year={2010},
  publisher={Springer}
}


@article{vallentin2009symmetry,
  title={Symmetry in semidefinite programs},
  author={Vallentin, Frank},
  journal={Linear Algebra and Its Applications},
  volume={430},
  number={1},
  pages={360--369},
  year={2009},
  publisher={Elsevier}
}

@inproceedings{lee2014power,
  title={On the power of symmetric LP and SDP relaxations},
  author={Lee, James R and Raghavendra, Prasad and Steurer, David and Tan, Ning},
  booktitle={IEEE 29th Conference on Computational Complexity, CCC 2014, Vancouver, BC, Canada},
  pages={13--21},
  year={2014}
}

@article{lee2014lower,
  title={Lower bounds on the size of semidefinite programming relaxations},
  author={Lee, James R and Raghavendra, Prasad and Steurer, David},
  journal={arXiv preprint arXiv:1411.6317},
  year={2014}
}


@article{fawzi2014equivariant,
  title={Equivariant semidefinite lifts of regular polygons},
  author={Fawzi, Hamza and Saunderson, James and Parrilo, Pablo A},
  journal={arXiv preprint arXiv:1409.4379},
  year={2014}
}
